<?xml version="1.0" encoding="UTF-8"?><collection xmlns="http://www.loc.gov/MARC21/slim"><record><leader>00703nam--2200193-i-4500</leader><controlfield tag="001">000044795</controlfield><controlfield tag="002">20161230</controlfield><controlfield tag="005">20161230201044</controlfield><controlfield tag="008">060222s1000------------r-----000-0-eng-d</controlfield><datafield ind1=" " ind2=" " tag="020"><subfield code="a">0941743594</subfield></datafield><datafield ind1=" " ind2=" " tag="040"><subfield code="a">IFIN-HH</subfield></datafield><datafield ind1=" " ind2=" " tag="080"><subfield code="a">537.56</subfield></datafield><datafield ind1="1" ind2=" " tag="100"><subfield code="a">Tanovic, L</subfield></datafield><datafield ind1="1" ind2="0" tag="245"><subfield code="a">The physics of ionized gases spig'88</subfield><subfield code="b">The xiv summer school and international symposium on the physics of ionized gases, spig'88 organized by the electrical engineering faculty, university of sarajevo, yugoslavia</subfield><subfield code="c">L. tanovic, n. konjevic, n. tanovic (eds.)</subfield></datafield><datafield ind1=" " ind2=" " tag="260"><subfield code="a">New York</subfield><subfield code="b">Nova Science Publishrs, Inc</subfield><subfield code="c">1989</subfield></datafield><datafield ind1=" " ind2=" " tag="300"><subfield code="a">728P</subfield></datafield><datafield ind1="1" ind2=" " tag="700"><subfield code="a">Tanovic, N</subfield><subfield code="e">Ed</subfield></datafield><datafield ind1=" " ind2=" " tag="852"><subfield code="a">79500</subfield><subfield code="c">537.52</subfield></datafield><datafield ind1=" " ind2=" " tag="CAT"><subfield code="a">Sys</subfield><subfield code="c">20110805</subfield><subfield code="h">115023</subfield></datafield></record></collection>